@article{Besl:icp,
 author = {Besl, Paul J. and McKay, Neil D.},
 title = {A Method for Registration of 3-D Shapes},
 journal = {IEEE Trans. Pattern Anal. Mach. Intell.},
 issue_date = {February 1992},
 volume = {14},
 number = {2},
 month = feb,
 year = {1992},
 issn = {0162-8828},
 pages = {239--256},
 numpages = {18},
 url = {http://dx.doi.org/10.1109/34.121791},
 doi = {10.1109/34.121791},
 acmid = {132022},
 publisher = {IEEE Computer Society},
 address = {Washington, DC, USA},
 keywords = {3D shape registration, computational geometry, convergence, convergence of numerical methods, geometric entity, geometric model, iterative closest point, iterative methods, mean-square distance metric, optimisation, pattern recognition, picture processing, point set registration},
} 

@inproceedings{chen:icp,
  author    = {Yang Chen and
               G{\'{e}}rard G. Medioni},
  title     = {Object modeling by registration of multiple range images},
  booktitle = {Proceedings of the 1991 {IEEE} International Conference on Robotics
               and Automation, Sacramento, CA, USA, 9-11 April 1991},
  pages     = {2724--2729},
  year      = {1991},
  url       = {https://doi.org/10.1109/ROBOT.1991.132043},
  doi       = {10.1109/ROBOT.1991.132043},
  timestamp = {Thu, 14 Feb 2019 17:15:37 +0100},
  biburl    = {https://dblp.org/rec/bib/conf/icra/ChenM91a},
  bibsource = {dblp computer science bibliography, https://dblp.org}
}


@article{letourneau:filamina,
author = {Le Tourneau, Thierry and Le Scouarnec, Solena and Cueff, Caroline and Bernstein, Daniel and Aalberts, Jan and Lecointe, Simon and MÃ©rot, Jean and Bernstein, Jonathan and Oomen, Toon and Dina, Christian and Karakachoff, Matilde and Desal, Hubert and Al Habash, Ousama and Delling, Francesca and Capoulade, Romain and Suurmeijer, Albert and Milan, David and Norris, Russell and Markwald, Roger and Schott, Jean-Jacques},
year = {2017},
month = {09},
pages = {},
title = {New insights into mitral valve dystrophy: A Filamin-A genotype-phenotype and outcome study},
volume = {39},
journal = {European heart journal},
doi = {10.1093/eurheartj/ehx505}
}


@article{huang:kinect,
author = {Huang, Xiaoshui and Zhang, Jian and Fan, Lixin and Wu, Qiang and Yuan, Chun},
year = {2016},
month = {08},
pages = {},
title = {A Systematic Approach for Cross-Source Point Cloud Registration by Preserving Macro and Micro Structures},
volume = {PP},
journal = {IEEE Transactions on Image Processing},
doi = {10.1109/TIP.2017.2695888}
}

@inproceedings{papon:supervoxels,
  author    = {Jeremie Papon and
               Alexey Abramov and
               Markus Schoeler and
               Florentin W{\"{o}}rg{\"{o}}tter},
  title     = {Voxel Cloud Connectivity Segmentation - Supervoxels for Point Clouds},
  booktitle = {2013 {IEEE} Conference on Computer Vision and Pattern Recognition,
               Portland, OR, USA, June 23-28, 2013},
  pages     = {2027--2034},
  year      = {2013},
  doi       = {10.1109/CVPR.2013.264},
  timestamp = {Thu, 25 May 2017 00:41:21 +0200},
  biburl    = {https://dblp.org/rec/bib/conf/cvpr/PaponASW13},
  bibsource = {dblp computer science bibliography, https://dblp.org}
}

@inproceedings{hertzmann:analogies,
  author    = {Aaron Hertzmann and
               Charles E. Jacobs and
               Nuria Oliver and
               Brian Curless and
               David Salesin},
  title     = {Image analogies},
  booktitle = {Proceedings of the 28th Annual Conference on Computer Graphics and
               Interactive Techniques, {SIGGRAPH} 2001, Los Angeles, California,
               USA, August 12-17, 2001},
  pages     = {327--340},
  year      = {2001},
  url       = {https://doi.org/10.1145/383259.383295},
  doi       = {10.1145/383259.383295},
  timestamp = {Mon, 16 Sep 2019 15:27:11 +0200},
  biburl    = {https://dblp.org/rec/bib/conf/siggraph/HertzmannJOCS01},
  bibsource = {dblp computer science bibliography, https://dblp.org}
}

@inproceedings{cao:analogies,
author = {Cao, Tian},
year = {2012},
month = {09},
pages = {},
title = {Registration for Correlative Microscopy using Image Analogies},
doi = {10.1007/978-3-642-31340-0_31}
}



@article{perrine:future,
author = {Paul-Gilloteaux, Perrine and Schorb, Martin},
title = {Correlating data from different imaging modalities},
year = {2019},
month={09},
}

@article{litjens:deeplearning,
  author    = {Geert J. S. Litjens and
               Thijs Kooi and
               Babak Ehteshami Bejnordi and
               Arnaud Arindra Adiyoso Setio and
               Francesco Ciompi and
               Mohsen Ghafoorian and
               Jeroen A. W. M. van der Laak and
               Bram van Ginneken and
               Clara I. S{\'{a}}nchez},
  title     = {A survey on deep learning in medical image analysis},
  journal   = {Medical Image Analysis},
  volume    = {42},
  pages     = {60--88},
  year      = {2017},
  url       = {https://doi.org/10.1016/j.media.2017.07.005},
  doi       = {10.1016/j.media.2017.07.005},
  timestamp = {Wed, 14 Nov 2018 10:41:39 +0100},
  biburl    = {https://dblp.org/rec/bib/journals/mia/LitjensKBSCGLGS17},
  bibsource = {dblp computer science bibliography, https://dblp.org}
}

@inproceedings{wu:features,
  author    = {Guorong Wu and
               Minjeong Kim and
               Qian Wang and
               Yaozong Gao and
               Shu Liao and
               Dinggang Shen},
  title     = {Unsupervised Deep Feature Learning for Deformable Registration of
               {MR} Brain Images},
  booktitle = {Medical Image Computing and Computer-Assisted Intervention - {MICCAI}
               2013 - 16th International Conference, Nagoya, Japan, September 22-26,
               2013, Proceedings, Part {II}},
  pages     = {649--656},
  year      = {2013},
  url       = {https://doi.org/10.1007/978-3-642-40763-5\_80},
  doi       = {10.1007/978-3-642-40763-5\_80},
  timestamp = {Tue, 14 May 2019 10:00:50 +0200},
  biburl    = {https://dblp.org/rec/bib/conf/miccai/WuKWGLS13},
  bibsource = {dblp computer science bibliography, https://dblp.org}
}

@inproceedings{simonovsky:crossmodalfeatures,
  author    = {Martin Simonovsky and
               Benjam{\'{\i}}n Guti{\'{e}}rrez{-}Becker and
               Diana Mateus and
               Nassir Navab and
               Nikos Komodakis},
  title     = {A Deep Metric for Multimodal Registration},
  booktitle = {Medical Image Computing and Computer-Assisted Intervention - {MICCAI}
               2016 - 19th International Conference, Athens, Greece, October 17-21,
               2016, Proceedings, Part {III}},
  pages     = {10--18},
  year      = {2016},
  url       = {https://doi.org/10.1007/978-3-319-46726-9\_2},
  doi       = {10.1007/978-3-319-46726-9\_2},
  timestamp = {Tue, 14 May 2019 10:00:50 +0200},
  biburl    = {https://dblp.org/rec/bib/conf/miccai/SimonovskyGMNK16},
  bibsource = {dblp computer science bibliography, https://dblp.org}
}

@article{cheng:deepsimilarity,
  author    = {Xi Cheng and
               Li Zhang and
               Yefeng Zheng},
  title     = {Deep similarity learning for multimodal medical images},
  journal   = {{CMBBE:} Imaging {\&} Visualization},
  volume    = {6},
  number    = {3},
  pages     = {248--252},
  year      = {2018},
  url       = {https://doi.org/10.1080/21681163.2015.1135299},
  doi       = {10.1080/21681163.2015.1135299},
  timestamp = {Mon, 30 Apr 2018 15:12:17 +0200},
  biburl    = {https://dblp.org/rec/bib/journals/cmbbeiv/ChengZZ18},
  bibsource = {dblp computer science bibliography, https://dblp.org}
}

@inproceedings{schlegl:text,
  author    = {Thomas Schlegl and
               Sebastian M. Waldstein and
               Wolf{-}Dieter Vogl and
               Ursula Schmidt{-}Erfurth and
               Georg Langs},
  title     = {Predicting Semantic Descriptions from Medical Images with Convolutional
               Neural Networks},
  booktitle = {Information Processing in Medical Imaging - 24th International Conference,
               {IPMI} 2015, Sabhal Mor Ostaig, Isle of Skye, UK, June 28 - July 3,
               2015, Proceedings},
  pages     = {437--448},
  year      = {2015},
  url       = {https://doi.org/10.1007/978-3-319-19992-4\_34},
  doi       = {10.1007/978-3-319-19992-4\_34},
  timestamp = {Mon, 16 Sep 2019 15:27:48 +0200},
  biburl    = {https://dblp.org/rec/bib/conf/ipmi/SchleglWVSL15},
  bibsource = {dblp computer science bibliography, https://dblp.org}
}


@inproceedings{acosta:intensity,
  title={Intensity-based matching and registration for 3D correlative microscopy with large discrepancies},
  author={Toledo Acosta, Bertha Mayela and Heiligenstein, Xavier and Malandain, Gr{\'e}goire and Bouthemy, Patrick},
  booktitle={2018 IEEE 15th International Symposium on Biomedical Imaging (ISBI 2018)},
  pages={493--496},
  year={2018},
  organization={IEEE}
}


@article{kan:machine,
  title={Machine learning applications in cell image analysis},
  author={Kan, Andrey},
  journal={Immunology and cell biology},
  volume={95},
  number={6},
  pages={525--530},
  year={2017},
  publisher={Wiley Online Library}
}


@phdthesis{acosta:these,
  title={Multimodal image registration in 2D and 3D correlative microscopy},
  author={Toledo Acosta, Bertha Mayela},
  year={2018},
  school={Rennes 1}
}

@article{marks:bowl,
  title={Identifying nuclei in divergent images: Data Science Bowl 2018},
  author={Marks, Christopher},
  year={2018},
  month={08},
}


@article{fischler:ransac,
  title={Random sample consensus: a paradigm for model fitting with applications to image analysis and automated cartography},
  author={Fischler, Martin A and Bolles, Robert C},
  journal={Communications of the ACM},
  volume={24},
  number={6},
  pages={381--395},
  year={1981},
  publisher={ACM}
}

